
@book{wang2012monte,
  title={Monte Carlo simulation with applications to finance},
  author={Wang, Hui},
  year={2012},
  publisher={CRC Press}
}

@book{klenke2013probability,
  title={Probability theory: a comprehensive course, 3rd Edition},
  author={Klenke, Achim},
  year={2020},
  publisher={Springer Science \& Business Media}
}
