


@article{wu2018think,
  title={Think globally, fit locally under the manifold setup: Asymptotic analysis of locally linear embedding},
  author={Wu, Hau-Tieng and Wu, Nan},
  year={2018}
}

@article{coifman2006diffusion,
  title={Diffusion maps},
  author={Coifman, Ronald R and Lafon, St{\'e}phane},
  journal={Applied and computational harmonic analysis},
  volume={21},
  number={1},
  pages={5--30},
  year={2006},
  publisher={Elsevier}
}

@article{coifman2005geometric,
  title={Geometric diffusions as a tool for harmonic analysis and structure definition of data: Diffusion maps},
  author={Coifman, Ronald R and Lafon, Stephane and Lee, Ann B and Maggioni, Mauro and Nadler, Boaz and Warner, Frederick and Zucker, Steven W},
  journal={Proceedings of the national academy of sciences},
  volume={102},
  number={21},
  pages={7426--7431},
  year={2005},
  publisher={National Acad Sciences}
}

@article{smola2001regularized,
  title={Regularized principal manifolds},
  author={Smola, Alexander and Mika, Sebastian and Sch{\"o}lkopf, Bernhard and Williamson, Robert and others},
  year={2001},
  publisher={MIT Press}
}

@article{roweis2000nonlinear,
  title={Nonlinear dimensionality reduction by locally linear embedding},
  author={Roweis, Sam T and Saul, Lawrence K},
  journal={science},
  volume={290},
  number={5500},
  pages={2323--2326},
  year={2000},
  publisher={American Association for the Advancement of Science}
}

@article{tenenbaum2000global,
  title={A global geometric framework for nonlinear dimensionality reduction},
  author={Tenenbaum, Joshua B and Silva, Vin de and Langford, John C},
  journal={science},
  volume={290},
  number={5500},
  pages={2319--2323},
  year={2000},
  publisher={American Association for the Advancement of Science}
}

@article{belkin2001laplacian,
  title={Laplacian eigenmaps and spectral techniques for embedding and clustering},
  author={Belkin, Mikhail and Niyogi, Partha},
  journal={Advances in neural information processing systems},
  volume={14},
  year={2001}
}

@article{hastie1989principal,
  title={Principal curves},
  author={Hastie, Trevor and Stuetzle, Werner},
  journal={Journal of the American Statistical Association},
  volume={84},
  number={406},
  pages={502--516},
  year={1989},
  publisher={Taylor \& Francis}
}

@article{pearson1901liii,
  title={LIII. On lines and planes of closest fit to systems of points in space},
  author={Pearson, Karl},
  journal={The London, Edinburgh, and Dublin philosophical magazine and journal of science},
  volume={2},
  number={11},
  pages={559--572},
  year={1901},
  publisher={Taylor \& Francis}
}

@article{fefferman2016testing,
  title={Testing the manifold hypothesis},
  author={Fefferman, Charles and Mitter, Sanjoy and Narayanan, Hariharan},
  journal={Journal of the American Mathematical Society},
  volume={29},
  number={4},
  pages={983--1049},
  year={2016}
}

@book{hatcher2002algebraic,
  title={Algebraic topology},
  author={Hatcher, Allen},
  year={2002},
  publisher={New York : Cambridge University Press}
}

@article{onsager1944crystal,
  title={Crystal statistics. I. A two-dimensional model with an order-disorder transition},
  author={Onsager, Lars},
  journal={Physical Review},
  volume={65},
  number={3-4},
  pages={117},
  year={1944},
  publisher={APS}
}

@book{seber2012linear,
  title={Linear regression analysis},
  author={Seber, George AF and Lee, Alan J},
  year={2012},
  publisher={John Wiley \& Sons}
}

@article{meng2021principal,
  title={Principal manifold estimation via model complexity selection},
  author={Meng, Kun and Eloyan, Ani},
  journal={Journal of the Royal Statistical Society: Series B (Statistical Methodology)},
  volume={83},
  number={2},
  pages={369--394},
  year={2021},
  publisher={Wiley Online Library}
}

@book{james2013introduction,
  title={An introduction to statistical learning},
  author={James, Gareth and Witten, Daniela and Hastie, Trevor and Tibshirani, Robert},
  volume={112},
  year={2013},
  publisher={Springer}
}

@book{vershynin2018high,
  title={High-dimensional probability: An introduction with applications in data science},
  author={Vershynin, Roman},
  volume={47},
  year={2018},
  publisher={Cambridge university press}
}

@article{besag1974spatial,
  title={Spatial interaction and the statistical analysis of lattice systems},
  author={Besag, Julian},
  journal={Journal of the Royal Statistical Society: Series B (Methodological)},
  volume={36},
  number={2},
  pages={192--225},
  year={1974},
  publisher={Wiley Online Library}
}

@article{sherman1973markov,
  title={Markov random fields and Gibbs random fields},
  author={Sherman, S},
  journal={Israel Journal of Mathematics},
  volume={14},
  number={1},
  pages={92--103},
  year={1973},
  publisher={Springer}
}

@article{preston1973generalized,
  title={Generalized Gibbs states and Markov random fields},
  author={Preston, Christopher J},
  journal={Advances in Applied probability},
  volume={5},
  number={2},
  pages={242--261},
  year={1973},
  publisher={Cambridge University Press}
}

@article{grimmett1973theorem,
  title={A theorem about random fields},
  author={Grimmett, Geoffrey R},
  journal={Bulletin of the London Mathematical society},
  volume={5},
  number={1},
  pages={81--84},
  year={1973},
  publisher={Citeseer}
}

@article{roy2020convergence,
  title={Convergence diagnostics for markov chain monte carlo},
  author={Roy, Vivekananda},
  journal={Annual Review of Statistics and Its Application},
  volume={7},
  pages={387--412},
  year={2020},
  publisher={Annual Reviews}
}

@book{gelman2013bayesian,
  title={Bayesian data analysis},
  author={Gelman, Andrew and Carlin, John B and Stern, Hal S and Dunson, David B and Rubin, Donald B},
  year={2013},
  publisher={Chapman and Hall/CRC}
}

@article{gidas1995metropolis,
  title={Metropolis-type Monte Carlo simulation algorithms and simulated annealing},
  author={Gidas, Basilis},
  journal={Topics in contemporary probability and its applications},
  pages={159--232},
  year={1995}
}

@article{geman1984stochastic,
  title={Stochastic relaxation, Gibbs distributions, and the Bayesian restoration of images},
  author={Geman, Stuart and Geman, Donald},
  journal={IEEE Transactions on pattern analysis and machine intelligence},
  number={6},
  pages={721--741},
  year={1984},
  publisher={IEEE}
}

@article{tierney1994markov,
  title={Markov chains for exploring posterior distributions},
  author={Tierney, Luke},
  journal={the Annals of Statistics},
  pages={1701--1728},
  year={1994},
  publisher={JSTOR}
}

@article{tierney1998note,
  title={A note on Metropolis-Hastings kernels for general state spaces},
  author={Tierney, Luke},
  journal={Annals of applied probability},
  pages={1--9},
  year={1998},
  publisher={JSTOR}
}

@article{athreya1996convergence,
  title={On the convergence of the Markov chain simulation method},
  author={Athreya, Krishna B and Doss, Hani and Sethuraman, Jayaram},
  journal={The Annals of Statistics},
  volume={24},
  number={1},
  pages={69--100},
  year={1996},
  publisher={Institute of Mathematical Statistics}
}

@article{hastings1970monte,
  title={Monte Carlo sampling methods using Markov chains and their applications},
  author={Hastings, W Keith},
  year={1970},
  publisher={Oxford University Press}
}

@article{metropolis1953equation,
  title={Equation of state calculations by fast computing machines},
  author={Metropolis, Nicholas and Rosenbluth, Arianna W and Rosenbluth, Marshall N and Teller, Augusta H and Teller, Edward},
  journal={The journal of chemical physics},
  volume={21},
  number={6},
  pages={1087--1092},
  year={1953},
  publisher={American Institute of Physics}
}

@article{metropolis1949monte,
  title={The monte carlo method},
  author={Metropolis, Nicholas and Ulam, Stanislaw},
  journal={Journal of the American statistical association},
  volume={44},
  number={247},
  pages={335--341},
  year={1949},
  publisher={Taylor \& Francis}
}

@book{goodstein2014states,
  title={States of matter},
  author={Goodstein, David L},
  year={2014},
  publisher={Courier Corporation}
}

@article{yang1952spontaneous,
  title={The spontaneous magnetization of a two-dimensional Ising model},
  author={Yang, Chen Ning},
  journal={Physical Review},
  volume={85},
  number={5},
  pages={808},
  year={1952},
  publisher={APS}
}

@article{bonati2014peierls,
  title={The Peierls argument for higher dimensional Ising models},
  author={Bonati, Claudio},
  journal={European Journal of Physics},
  volume={35},
  number={3},
  pages={035002},
  year={2014},
  publisher={IOP Publishing}
}

@inproceedings{peierls1936ising,
  title={On Ising's model of ferromagnetism},
  author={Peierls, Rudolf},
  booktitle={Mathematical Proceedings of the Cambridge Philosophical Society},
  volume={32},
  number={3},
  pages={477--481},
  year={1936},
  organization={Cambridge University Press}
}

@book{lax2014functional,
  title={Functional analysis},
  author={Lax, Peter D},
  year={2014},
  publisher={John Wiley \& Sons}
}

@book{meyer2000matrix,
  title={Matrix analysis and applied linear algebra},
  author={Meyer, Carl D},
  volume={71},
  year={2000},
  publisher={Siam}
}

@article{hackenberger2019bayes,
  title={Bayes or not Bayes, is this the question?},
  author={Hackenberger, Branimir K},
  journal={Croatian medical journal},
  volume={60},
  number={1},
  pages={50},
  year={2019},
  publisher={Medicinska Naklada}
}

@article{morris2019using,
  title={Using simulation studies to evaluate statistical methods},
  author={Morris, Tim P and White, Ian R and Crowther, Michael J},
  journal={Statistics in medicine},
  volume={38},
  number={11},
  pages={2074--2102},
  year={2019},
  publisher={Wiley Online Library}
}

@article{fasano1987multidimensional,
  title={A multidimensional version of the Kolmogorov--Smirnov test},
  author={Fasano, Giovanni and Franceschini, Alberto},
  journal={Monthly Notices of the Royal Astronomical Society},
  volume={225},
  number={1},
  pages={155--170},
  year={1987},
  publisher={The Royal Astronomical Society}
}

@book{casella2021statistical,
  title={Statistical inference, 2nd Edition},
  author={Casella, George and Berger, Roger L},
  year={2002},
  publisher={Cengage Learning}
}

@book{durrett2019probability,
  title={Probability: theory and examples, 4th Edition},
  author={Durrett, Rick},
  volume={49},
  year={2010},
  publisher={Cambridge university press}
}

@article{pitman2001distribution,
  title={On the distribution of ranked heights of excursions of a Brownian bridge},
  author={Pitman, Jim and Yor, Marc},
  journal={The Annals of Probability},
  volume={29},
  number={1},
  pages={361--384},
  year={2001},
  publisher={Institute of Mathematical Statistics}
}

@article{kolmogorov1933sulla,
  title={Sulla determinazione empirica di una lgge di distribuzione},
  author={Kolmogorov, Andrey},
  journal={Inst. Ital. Attuari, Giorn.},
  volume={4},
  pages={83--91},
  year={1933}
}

@article{glivenko1933sulla,
  title={Sulla determinazione empirica delle leggi di probabilita},
  author={Glivenko, Valery},
  journal={Gion. Ist. Ital. Attauri.},
  volume={4},
  pages={92--99},
  year={1933}
}

@article{cantelli1933sulla,
  title={Sulla determinazione empirica delle leggi di probabilita},
  author={Cantelli, Francesco Paolo},
  journal={Gion. Ist. Ital. Attauri.},
  volume={4},
  pages={421--424},
  year={1933}
}

@article{etemadi1981elementary,
  title={An elementary proof of the strong law of large numbers},
  author={Etemadi, Nasrollah},
  journal={Zeitschrift f{\"u}r Wahrscheinlichkeitstheorie und verwandte Gebiete},
  volume={55},
  number={1},
  pages={119--122},
  year={1981},
  publisher={Springer}
}

@article{massart1990tight,
  title={The tight constant in the Dvoretzky-Kiefer-Wolfowitz inequality},
  author={Massart, Pascal},
  journal={The annals of Probability},
  pages={1269--1283},
  year={1990},
  publisher={JSTOR}
}

@book{shao2003mathematical,
  title={Mathematical statistics},
  author={Shao, Jun},
  year={2003},
  publisher={Springer Science \& Business Media}
}

@article{dvoretzky1956asymptotic,
  title={Asymptotic minimax character of the sample distribution function and of the classical multinomial estimator},
  author={Dvoretzky, Aryeh and Kiefer, Jack and Wolfowitz, Jacob},
  journal={The Annals of Mathematical Statistics},
  pages={642--669},
  year={1956},
  publisher={JSTOR}
}

@book{vaart1996weak,
  author={Vaart, Aad W and Wellner, Jon A},
  title={Weak convergence and empirical processes},
  year={1996},
  publisher={Springer}
}

@book{klenke2013probability,
  title={Probability theory: a comprehensive course, 3rd Edition},
  author={Klenke, Achim},
  year={2020},
  publisher={Springer Science \& Business Media}
}

@article{von195113,
  title={13. various techniques used in connection with random digits},
  author={Von Neumann, John},
  journal={Appl. Math Ser},
  volume={12},
  number={36-38},
  pages={3},
  year={1951}
}

@book{kolmogorov2018foundations,
  title={Foundations of the theory of probability: Second English Edition},
  author={Kolmogorov, Andre{\u\i} Nikolaevich and Bharucha-Reid, Albert T},
  year={2018},
  publisher={Courier Dover Publications}
}